<record xmlns="http://www.loc.gov/MARC21/slim" xmlns:xsi="http://www.w3.org/2001/XMLSchema-instance" xsi:schemaLocation="http://www.loc.gov/MARC21/slim http://www.loc.gov/standards/marcxml/schema/MARC21slim.xsd">

  <leader>00999nam a2200193Ia 4500</leader>
  <controlfield tag="008">160413b2011    CR ||||| |||| 00| | spa d</controlfield>
  <datafield tag="090" ind2=" " ind1=" ">
    <subfield code="a">06.06.02 </subfield>
    <subfield code="b">1245</subfield>
  </datafield>
  <datafield tag="100" ind1="1" ind2=" ">
    <subfield code="a">Arguedas Negrini, Irma</subfield>
    <subfield code="9">1516</subfield>
  </datafield>
  <datafield tag="245" ind1="1" ind2="0">
    <subfield code="a">Recursos que poseen docentes de secundaria para favorecer el involucramiento de las estudiantes y los estudiantes en el proceso educativo /</subfield>
    <subfield code="c">Irma Arguedas Negrini</subfield>
  </datafield>
  <datafield ind2=" " ind1=" " tag="260">
    <subfield code="a">San José, Costa Rica : </subfield>
    <subfield code="b">INIE, </subfield>
    <subfield code="c">2011</subfield>
  </datafield>
  <datafield ind2=" " ind1=" " tag="300">
    <subfield code="a">82 páginas</subfield>
  </datafield>
  <datafield ind2=" " ind1=" " tag="500">
    <subfield code="a">Informe final proyecto de investigación Nº724-A9-311</subfield>
  </datafield>
  <datafield ind1=" " ind2=" " tag="520">
    <subfield code="a">El objetivo general de la investigación consistió en: analizar los recursos personales que tienen los docentes de secundaria para favorecer el involucramiento del estudiantado en el proceso educativo.  El involucramiento se refiere al grado en que las </subfield>
  </datafield>
  <datafield tag="650" ind1="1" ind2="4">
    <subfield code="a">RELACIONES ENTRE DOCENTES Y ALUMNOS </subfield>
    <subfield code="9">1021</subfield>
  </datafield>
  <datafield ind1="1" ind2="4" tag="650">
    <subfield code="a">EDUCACIÓN SECUNDARIA</subfield>
    <subfield code="9">456</subfield>
  </datafield>
  <datafield tag="650" ind1="1" ind2="4">
    <subfield code="a">FACTORES DE PERMANENCIA</subfield>
    <subfield code="9">1377</subfield>
  </datafield>
  <datafield ind2="4" ind1="1" tag="650">
    <subfield code="a">ADAPTACIÓN ESCOLAR</subfield>
    <subfield code="9">1521</subfield>
  </datafield>
  <datafield tag="942" ind1=" " ind2=" ">
    <subfield code="2">z</subfield>
    <subfield code="c">04</subfield>
  </datafield>
  <datafield tag="999" ind1=" " ind2=" ">
    <subfield code="c">1999</subfield>
    <subfield code="d">1999</subfield>
  </datafield>
</record>